@online{semver,
    author    = "Tom Preston-Werner",
    title     = "Semantic Versioning 2.0.0",
    url       = "https://semver.org/"
}

@online{xdg,
    author    = "Waldo Bastian and Allison Karlitskaya and Lennart Poettering and Johannes LÃ¶thberg",
    title     = "XDG Base Directory Specification",
    url       = "https://specifications.freedesktop.org/basedir-spec/basedir-spec-latest.html"
}

% @online{incomplete_types,
%     author    = "Zhihao Yuan",
%     title     = "Minimal incomplete type support for standard containers, revision 4",
%     url       = "https://www.open-std.org/jtc1/sc22/wg21/docs/papers/2015/n4510.html"
% }

@online{cmake_suffix,
    author    = "Roger Leigh",
    title     = "Support for version suffixes",
    url       = "https://gitlab.kitware.com/cmake/cmake/-/issues/16716"
}

@book{gof,
    author      = "Gamma, Erich and Helm, Richard and Johnson, Ralph and Vlissides, John",
    title       = "Design patterns: elements of reusable object-oriented software",
    publisher   = "Addison-Wesley",
    year        = "1994"
}

@article{diamond,
  author          = "Martin, Robert C.",
  title           = "Java and C++: A critical comparison",
  year            = "1997"
}

@online{npm,
    title     = "How npm3 Works",
    url       = "https://npm.github.io/how-npm-works-docs/npm3/how-npm3-works.html"
}

@online{contents_zip,
    title     = "Download a repository archive (zip)",
    author    = "GitHub Docs",
    url       = "https://docs.github.com/en/rest/repos/contents?apiVersion=2022-11-28#download-a-repository-archive-zip"
}

@online{sqlite,
    title     = "An Introduction To The SQLite C/C++ Interface",
    url       = "https://www.sqlite.org/cintro.html"
}

@online{json,
    title     = "JSON for Modern C++",
    author    = "Niels Lohmann",
    url       = "https://json.nlohmann.me/"
}

@online{cpr,
    title     = "Curl for People",
    author    = "Fabian Sauter and Tim Stack",
    url       = "https://docs.libcpr.org/"
}
